%% This BibTeX bibliography file was created using BibDesk.
%% http://bibdesk.sourceforge.net/


%% Created for Tom de Ruijter at 2014-04-25 17:13:02 +0200 


%% Saved with string encoding Unicode (UTF-8) 



@article{ruijter2012online,
	Author = {Ruijter, T de and Tsivtsivadze, E and Heskes, T},
	Date-Added = {2014-04-25 15:12:57 +0000},
	Date-Modified = {2014-04-25 15:12:57 +0000},
	Publisher = {Berlin: Springer},
	Title = {Online Co-regularized Algorithms},
	Year = {2012}}

@article{guo2012high,
	Author = {Guo, Wei and Li, Qiang},
	Date-Added = {2014-04-25 15:04:23 +0000},
	Date-Modified = {2014-04-25 15:04:23 +0000},
	Journal = {Medical physics},
	Number = {8},
	Pages = {5157--5168},
	Publisher = {American Association of Physicists in Medicine},
	Title = {High performance lung nodule detection schemes in CT using local and global information},
	Volume = {39},
	Year = {2012}}

@article{breiman2001random,
	Author = {Breiman, Leo},
	Date-Added = {2014-04-25 15:01:45 +0000},
	Date-Modified = {2014-04-25 15:01:45 +0000},
	Journal = {Machine learning},
	Number = {1},
	Pages = {5--32},
	Publisher = {Springer},
	Title = {Random forests},
	Volume = {45},
	Year = {2001}}

@article{messay2010new,
	Author = {Messay, Temesguen and Hardie, Russell C and Rogers, Steven K},
	Date-Added = {2014-04-25 14:58:58 +0000},
	Date-Modified = {2014-04-25 14:58:58 +0000},
	Journal = {Medical Image Analysis},
	Number = {3},
	Pages = {390--406},
	Publisher = {Elsevier},
	Title = {A new computationally efficient CAD system for pulmonary nodule detection in CT imagery},
	Volume = {14},
	Year = {2010}}

@article{ginneken2010comparing,
	Author = {van Ginneken, Bram and Armato III, Samuel G and de Hoop, Bartjan and van Amelsvoort-van de Vorst, Saskia and Duindam, Thomas and Niemeijer, Meindert and Murphy, Keelin and Schilham, Arnold and Retico, Alessandra and Fantacci, Maria Evelina and others},
	Date-Added = {2014-04-25 14:34:05 +0000},
	Date-Modified = {2014-04-25 15:07:49 +0000},
	Journal = {Medical image analysis},
	Number = {6},
	Pages = {707--722},
	Publisher = {Elsevier},
	Title = {Comparing and combining algorithms for computer-aided detection of pulmonary nodules in computed tomography scans: the ANODE09 study},
	Volume = {14},
	Year = {2010}}

@article{murphy2009large,
	Author = {Murphy, Keelin and van Ginneken, Bram and Schilham, Arnold MR and De Hoop, BJ and Gietema, HA and Prokop, Mathias},
	Date-Added = {2014-04-25 13:00:40 +0000},
	Date-Modified = {2014-04-25 13:00:40 +0000},
	Journal = {Medical Image Analysis},
	Number = {5},
	Pages = {757--770},
	Publisher = {Elsevier},
	Title = {A large-scale evaluation of automatic pulmonary nodule detection in chest CT using local image features and k-nearest-neighbour classification},
	Volume = {13},
	Year = {2009}}
